
%% technical reference
@inproceedings{Fog,
author = {Bonomi, Flavio and Milito, Rodolfo and Zhu, Jiang and Addepalli,Sateesh},
publisher = {ACM},
title = {{Fog Computing and Its Role in the Internet of Things}},
institution = {Cisco Systems Inc.},
year = {2012}
}

@techreport{ciscowhite,
institution = {Cisco Systems Inc},
keywords = {Whitepaper},
mendeley-tags = {Report},
title = {{Fog Computing and the Internet of Things: Extend the Cloud to Where the Things Are}},
shorttitle   = {Whitepaper},
year = {2015}
}

@inproceedings{fogisfuture,
author = {Firdhous, Mohamed and Ghazali, Osman, Hassan, Suhaidi},
publisher = {ICIA2014},
title = {{Fog Computing: Will it be the Future of Cloud Computing?}},
year = {2014}
}

@inproceedings{ProgFogNode,
author = {Brito, Mathias Santos de  and Hoque, Saiful and Steinke, Ronald and Willner, Alexander},
publisher = {IEEE},
title = {{Towards Programmable Fog Nodes in Smart Factories}},
booktitle	= "FMEC/ISCW",
address	= "Augsburg, Germany",
year = {2016}
}


%% business reference

@book{adams1995hitchhiker,
  title={The Hitchhiker's Guide to the Galaxy},
  author={Adams, D.},
  isbn={9781417642595},
  url={http://books.google.com/books?id=W-xMPgAACAAJ},
  year={1995},
  publisher={San Val}
}
%lean startup
@book{leanstartup,
  author    = {Eric Ries}, 
  title     = {THE LEAN STARTUP},
  publisher = {Crown Business},
  year      = 2011,
  edition   = 1,
  isbn      = {9780307887917}
}
%customer development
%Blank, S. G. (2006). The Four Steps to the Epiphany. Foster City, Calif.: Cafepress.com.
@book{fstE,
  author    = {Steven Gary Blank},
  title     = {The Four Steps to the Epiphany},
  publisher = {Calif.: Cafepress.com},
  year      = 2006,
  isbn      = {9780307887917}
}

%design thinking
@book{designthinkingplattner,
  title={Design Thinking Understand – Improve – Apply},
  author={Meinel, Christoph and Leifer, Larry and Plattner, Hasso},
  isbn={9783642137563},
  url={http://link.springer.com/book/10.1007%2F978-3-642-13757-0},
  year={2009},
  publisher={Springer}
}

%Kelley, T., & Littman, J. (2001). The art of innovation: lessons in creativity from IDEO, America's leading design firm. New York: Currency/Doubleday
@book{designthinkingIDEO,
  title={The art of innovation: lessons in creativity from IDEO, America's leading design firm},
  author={Tom Kelley, Jonathan Littman},
  year={2001},
  publisher={Broadway Business}
}

%Buchanan, R. (1992). Wicked problems in design thinking. Design Issues, 8(2), 5-21.
@book{designthinkingWicked,
  title={Wicked problems in design thinking. Design Issues, 8(2), 5-21.},
  author={Richard Buchanan},
  year={1992},
  %publisher={Design Issues}
}

@book{paperprototyping,
  title={Paper Prototyping, The Fast and Easy Way to Design and Refine User Interfaces },
  author={Carolyn Snyder },
  year={2003},
  publisher={Morgan Kaufmann Publishers}
}

@book{qualitativeinterview,
  title={What is qualitative interviewing?},
  author={Rosalind Edwards, Janet Holland },
  year={2013},
  publisher={Bloomsbury Publishing Plc}
}

%ethnographyRef
@book{ethnographyRef,
  title={Approaches to social research 4 th ed.)},
  author={Singleton, R. A., & Straits, B. C. },
  year={2005},
  publisher={New York: Oxford University Press.}
}

@conference{leanvsdesign,
    author    = "Mueller, Roland and Thoring, Katja",
    title     = "DESIGN THINKING VS. LEAN STARTUP: A COMPARISON OF TWO USER-DRIVEN INNOVATION STRATEGIES",
    booktitle = "2012 International Design Management Research Conference",
    %editor   = "",
    %volume   = "",
    %number   = "",
    %series   = "",
    pages    = "2",
    address  = "Boston, MA. USA",
    year      = "2012",
    %month    = "",
    %publisher= "",
    %note     = "",
}



@techreport{machinareport,
	institution = {Machina Research},
	keywords = {Report},
	mendeley-tags = {Report},
	title = {{Connected Intelligence Database}},
	year = {2011}
}

@misc{Gartner,
	title = {{Gartner Research, IoT forecast}},
	Howpublished = {\url{http://www.gartner.com/newsroom/id/3165317}}
}

@inproceedings{Alberti2013,
author = {Alberti, Antonio Marcos and Singh, Dhananjay},
booktitle = {Int. WS on Telecommunications (IWT)},
pages = {1----6},
publisher = {IEEE},
title = {{Internet of Things: Perspectives, Challenges and Opportunities}},
year = {2013}
}


%%http://www.sigcomm.org/sites/default/files/ccr/papers/2009/April/1517480-1517491.pdf------ Initial Observations on Economics, Pricing, and Penetration of the Internet of Things Market (but not peer reviewed)


%%https://www.thebusinessplanshop.com/blog/en/entry/market_analysis_for_business_plan

%%http://www.robeco.com/images/the-industrial-internet-of-things-november-2015.pdf----- white paper


%% Gheorghe H Popescu. “The economic value of the industrial internet of things”. In: Psychosociological Issues in Human Resource Management 3.2 (2015), pp. 86–92. 


%http://lib.uum.edu.my:8080/bitstream/123456789/159/1/119.pdf 
%---- how fog is better than cloud. A comparison. Very good reference. 


%%%% Feasibility analysis Book 

%COOPERATIVES
%A Tool for Community
% Economic Development

%% Mary Myers, Greg Lawless, E.G. Nadeau


%% Buchanan, R. (1992). Wicked problems in design thinking. Design Issues, Vol. 8, No. 2, 5-21.